<?xml version="1.0" encoding="UTF-8"?>
<record xmlns="http://www.loc.gov/MARC21/slim" xmlns:xsi="http://www.w3.org/2001/XMLSchema-instance" xsi:schemaLocation="http://www.loc.gov/MARC21/slim http://www.loc.gov/standards/marcxml/schema/MARC21slim.xsd">
<leader>     cam a2200361 i 4500</leader>
<controlfield tag="001">002772033</controlfield>
<controlfield tag="003">NNU</controlfield>
<controlfield tag="005">20061010172035.0</controlfield>
<controlfield tag="008">860715m19839999ir       b    001 0 ara d</controlfield>
<datafield tag="035" ind1="9" ind2=" ">
<subfield code="a">NYUb10474454</subfield>
</datafield>
<datafield tag="035" ind1=" " ind2=" ">
<subfield code="a">(CStRLIN)NYUG86-B24426</subfield>
</datafield>
<datafield tag="040" ind1=" " ind2=" ">
<subfield code="a">NNC</subfield>
<subfield code="c">NNC</subfield>
<subfield code="d">NNU</subfield>
</datafield>
<datafield tag="066" ind1=" " ind2=" ">
<subfield code="c">(3</subfield>
</datafield>
<datafield tag="090" ind1=" " ind2=" ">
<subfield code="a">BP194</subfield>
<subfield code="b">.S5 1983</subfield>
</datafield>
<datafield tag="100" ind1="1" ind2=" ">
<subfield code="6">880-01</subfield>
<subfield code="a">Shustarī, Nūr-Allāh al-Ḥusaynī,</subfield>
<subfield code="d">d. 1610.</subfield>
</datafield>
<datafield tag="245" ind1="1" ind2="0">
<subfield code="6">880-02</subfield>
<subfield code="a">Iḥqāq al-ḥaqq wa-izhāq al-bāṭil /</subfield>
<subfield code="c">taʼlīf Nūr Allāh al-Ḥusaynī al-Marʻashī al-Tustarī ; maʻa taʻlīqāt nafīsah hāmmah bi-qalam Shihāb al-Dīn al-Najafī.</subfield>
</datafield>
<datafield tag="260" ind1=" " ind2=" ">
<subfield code="6">880-03</subfield>
<subfield code="a">Qum :</subfield>
<subfield code="b">Maktabat Āyat Allāh al-ʻUẓmá al-Marʻashī al-Najafī,</subfield>
<subfield code="c">[1983?- ]</subfield>
</datafield>
<datafield tag="300" ind1=" " ind2=" ">
<subfield code="a">v. :</subfield>
<subfield code="b">ill. ;</subfield>
<subfield code="c">25 cm.</subfield>
</datafield>
<datafield tag="500" ind1=" " ind2=" ">
<subfield code="a">Vols. 20-21, 23, 25-26 have title: Mulḥaqāt al-iḥqāq.</subfield>
</datafield>
<datafield tag="500" ind1=" " ind2=" ">
<subfield code="a">Vol. 24 has title: Fihris Mulḥaqāt al-Iḥqāq al-ḥaqq.</subfield>
</datafield>
<datafield tag="500" ind1=" " ind2=" ">
<subfield code="a">Includes index.</subfield>
</datafield>
<datafield tag="500" ind1=" " ind2=" ">
<subfield code="a">Reprint. Originally published:1957.</subfield>
</datafield>
<datafield tag="504" ind1=" " ind2=" ">
<subfield code="a">Bibliography: v. 1, p. [1]-10 (1st group); v. 4, p. 4-44.</subfield>
</datafield>
<datafield tag="650" ind1=" " ind2="0">
<subfield code="a">Shiites</subfield>
<subfield code="v">Early works to 1800.</subfield>
</datafield>
<datafield tag="700" ind1="1" ind2=" ">
<subfield code="a">Marʻashī Najafī, Shihāb al-Dīn</subfield>
<subfield code="6">880-04</subfield>
</datafield>
<datafield tag="740" ind1="0" ind2=" ">
<subfield code="6">880-05</subfield>
<subfield code="a">Mulḥaqāt al-iḥqāq.</subfield>
</datafield>
<datafield tag="740" ind1="0" ind2=" ">
<subfield code="6">880-06</subfield>
<subfield code="a">Fihris Mulḥaqāt Iḥqāq al-ḥaqq.</subfield>
</datafield>
<datafield tag="880" ind1="1" ind2=" ">
<subfield code="6">100-01/</subfield>
<subfield code="a">تسترى، نور الله الحسينى.</subfield>
</datafield>
<datafield tag="880" ind1="1" ind2="0">
<subfield code="6">245-02/</subfield>
<subfield code="a">احقاق الحق وازهاق الباطل /</subfield>
<subfield code="c">تأليف نور الله الحسينى المرعشى التسترى ؛ مع تعليقات نفيسة هامة بقلم شهاب الدين النجفى.</subfield>
</datafield>
<datafield tag="880" ind1=" " ind2=" ">
<subfield code="6">260-03/</subfield>
<subfield code="a">قم :</subfield>
<subfield code="b">مكتبة آية الله االعظمى المرعشى النجفى،</subfield>
<subfield code="c">[1983?- ]</subfield>
</datafield>
<datafield tag="880" ind1="1" ind2=" ">
<subfield code="6">700-04/</subfield>
<subfield code="a">نجفى، شهاب الدين.</subfield>
</datafield>
<datafield tag="880" ind1="0" ind2=" ">
<subfield code="6">740-05/</subfield>
<subfield code="a">ملحقات الاحقاق.</subfield>
</datafield>
<datafield tag="880" ind1="0" ind2=" ">
<subfield code="6">740-06/</subfield>
<subfield code="a">فهرس ملحقات احقاق الحق.</subfield>
</datafield>
<datafield tag="OWN" ind1=" " ind2=" ">
<subfield code="a">GENERAL</subfield>
</datafield>
<datafield tag="998" ind1=" " ind2=" ">
<subfield code="a">19970103</subfield>
<subfield code="d">19860715</subfield>
<subfield code="d">20021223</subfield>
<subfield code="n">NNU</subfield>
<subfield code="s">1</subfield>
<subfield code="t">c</subfield>
<subfield code="z">p</subfield>
</datafield>
<datafield tag="AVA" ind1=" " ind2=" ">
<subfield code="a">NYU50</subfield>
<subfield code="b">BOBST</subfield>
<subfield code="c">Main Collection</subfield>
<subfield code="d">BP194 .S5 1983</subfield>
<subfield code="e">available</subfield>
<subfield code="t">Available</subfield>
<subfield code="f">26</subfield>
<subfield code="g">0</subfield>
<subfield code="h">Y</subfield>
<subfield code="i">0</subfield>
<subfield code="j">MAIN</subfield>
<subfield code="k">0</subfield>
</datafield>
</record>
